@article{Last2222the,
    title={The quick brown fox jumps over the lazy dog},
    author={Author1, First1 and Author2, First2},
    journal={Journal Journal Journal},
    volume={222},
    pages={222222},
    year={2222},
    publisher={Publisher}
}
@book{Author2222the,
  title={The quick brown fox jumps over the lazy dog},
  author={Author},
  year={2222},
  publisher={The Publisher Press}
}
@article{第一作者2222填充文本,
  title={填充文本填充文本填充文本},
  author={第一作者 and 第二作者},
  journal={杂志},
  volume={22},
  number={2},
  pages={222--222},
  year={2222}
}
